@ARTICLE{ddpg,
	author={Timothy P. {Lillicrap} and
		Jonathan J. {Hunt} and
		Alexander {Pritzel} and
		Nicolas {Heess} and
		Tom {Erez} and
		Yuval {Tassa} and
		David {Silver} and
		Daan {Wierstra}
	},
	title={Continuous control with deep reinforcement learning},
	year={2016},
	month={Feb},
	url={https://arxiv.org/abs/1509.02971},
}

@standard{gbt7714,
	author={中华人民共和国国家质量监督检疫总局 and 中国国家标准化管理委员会},
	title={信息与文献  参考文献著录规则：GB/T 7714—2015},
	year={2015},
	month={5},
	address={北京},
	publisher={中国标准出版社},
}

@article{ionescu2013human3,
  author={Ionescu, Catalin and Papava, Dragos and Olaru, Vlad and Sminchisescu, Cristian},
  journal={IEEE Transactions on Pattern Analysis and Machine Intelligence}, 
  title={Human3.6M: Large Scale Datasets and Predictive Methods for 3D Human Sensing in Natural Environments}, 
  year={2014},
  volume={36},
  number={7},
  pages={1325--1339},
  doi={10.1109/TPAMI.2013.248}
}

@inproceedings{marcard2018recovering,
  title={Recovering Accurate 3D Human Pose in the Wild Using IMUs and a Moving Camera},
  author={Timo von Marcard and Roberto Henschel and Michael J. Black and Bodo Rosenhahn and Gerard Pons-Moll},
  booktitle={Proceedings of the European Conference on Computer Vision},
  pages={601--617},
  year={2018}
}

@inproceedings{sofianos2021space,
  title={Space-Time-Separable Graph Convolutional Network for Pose Forecasting},
  author={Sofianos, Theodoros and Sampieri, Alessio and Franco, Luca and Galasso, Fabio},
  booktitle={Proceedings of the IEEE International Conference on Computer Vision},
  pages={11209--11218},
  year={2021}
}

@inproceedings{mao2019learning,
  title={Learning trajectory dependencies for human motion prediction},
  author={Mao, Wei and Liu, Miaomiao and Salzmann, Mathieu and Li, Hongdong},
  booktitle={Proceedings of the IEEE International Conference on Computer Vision},
  pages={9489--9497},
  year={2019}
}

@inproceedings{li2020dynamic,
  title={Dynamic multiscale graph neural networks for 3d skeleton based human motion prediction},
  author={Li, Maosen and Chen, Siheng and Zhao, Yangheng and Zhang, Ya and Wang, Yanfeng and Tian, Qi},
  booktitle={Proceedings of the IEEE Conference on Computer Vision and Pattern Recognition},
  pages={214--223},
  year={2020}
}

@inproceedings{dang2021msr,
  title={MSR-GCN: Multi-Scale Residual Graph Convolution Networks for Human Motion Prediction},
  author={Dang, Lingwei and Nie, Yongwei and Long, Chengjiang and Zhang, Qing and Li, Guiqing},
  booktitle={Proceedings of the IEEE International Conference on Computer Vision},
  pages={11467--11476},
  year={2021}
}

@article{liu2020trajectorycnn,
  author={Liu, Xiaoli and Yin, Jianqin and Liu, Jin and Ding, Pengxiang and Liu, Jun and Liu, Huaping},
  journal={IEEE Transactions on Circuits and Systems for Video Technology}, 
  title={TrajectoryCNN: A New Spatio-Temporal Feature Learning Network for Human Motion Prediction}, 
  year={2021},
  volume={31},
  number={6},
  pages={2133-2146},
  doi={10.1109/TCSVT.2020.3021409}
}

@inproceedings{martinez2017human,
  title={On human motion prediction using recurrent neural networks},
  author={Martinez, Julieta and Black, Michael J and Romero, Javier},
  booktitle={Proceedings of the IEEE Conference on Computer Vision and Pattern Recognition},
  pages={2891--2900},
  year={2017}
}

@inproceedings{mao2020history,
  title={History repeats itself: Human motion prediction via motion attention},
  author={Mao, Wei and Liu, Miaomiao and Salzmann, Mathieu},
  booktitle={Proceedings of the European Conference on Computer Vision},
  pages={474--489},
  year={2020}
}

@article{li2021multiscale,
  title={Multiscale Spatio-Temporal Graph Neural Networks for 3D Skeleton-Based Motion Prediction},
  author={Li, Maosen and Chen, Siheng and Zhao, Yangheng and Zhang, Ya and Wang, Yanfeng and Tian, Qi},
  journal={IEEE Transactions on Image Processing},
  volume={30},
  pages={7760--7775},
  year={2021},
  doi={10.1109/TIP.2021.3108708}
}

@article{dong2022skeleton,
  author={Dong, Minjing and Xu, Chang},
  journal={IEEE Transactions on Neural Networks and Learning Systems}, 
  title={Skeleton-Based Human Motion Prediction With Privileged Supervision}, 
  year={2022},
  volume={},
  pages={1-14},
  doi={10.1109/TNNLS.2022.3166861}
}

@inproceedings{cui2020learning,
  title={Learning dynamic relationships for 3d human motion prediction},
  author={Cui, Qiongjie and Sun, Huaijiang and Yang, Fei},
  booktitle={Proceedings of the IEEE Conference on Computer Vision and Pattern Recognition},
  pages={6519--6527},
  year={2020}
}

@inproceedings{liu2021motion,
  title={Motion prediction using trajectory cues},
  author={Liu, Zhenguang and Su, Pengxiang and Wu, Shuang and Shen, Xuanjing and Chen, Haipeng and Hao, Yanbin and Wang, Meng},
  booktitle={Proceedings of the IEEE International Conference on Computer Vision},
  pages={13299--13308},
  year={2021}
}

@inproceedings{li2018convolutional,
  title={Convolutional sequence to sequence model for human dynamics},
  author={Li, Chen and Zhang, Zhen and Lee, Wee Sun and Lee, Gim Hee},
  booktitle={Proceedings of the IEEE Conference on Computer Vision and Pattern Recognition},
  pages={5226--5234},
  year={2018}
}

@article{kipf2016semi,
  title={Semi-supervised classification with graph convolutional networks},
  author={Kipf, Thomas N and Welling, Max},
  journal={arXiv preprint arXiv:1609.02907},
  year={2016}
}

@inproceedings{chen2021channel,  
  title={Channel-wise Topology Refinement Graph Convolution for Skeleton-Based Action Recognition}, 
  booktitle={Proceedings of the IEEE International Conference on Computer Vision}, 
  author={Chen, Yuxin and Zhang, Ziqi and Yuan, Chunfeng and Li, Bing and Deng, Ying and Hu, Weiming}, 
  year={2021},
}
